@misc{cplab02,
  title        = "CP Laboratory Guide 2: Standard I/O in C",
  author       = "Iosif Ignat \& Marius Joldoș"
}

@misc{cplab03,
  title        = "CP Laboratory Guide 3: Expressions in C",
  author       = "Iosif Ignat \& Marius Joldoș"
}

@misc{cplab04,
  title        = "CP Laboratory Guide 4: Statements in C",
  author       = "Iosif Ignat \& Marius Joldoș"
}

@misc{cplab05,
  title        = "CP Laboratory Guide 5: Functions in C",
  author       = "Iosif Ignat \& Marius Joldoș"
}

@misc{cplab06,
  title        = "CP Laboratory Guide 6: Modular programming",
  author       = "Iosif Ignat \& Marius Joldoș"
}

@misc{cplab07,
  title        = "CP Laboratory Guide 7: Pointers",
  author       = "Iosif Ignat \& Marius Joldoș"
}